<?xml version="1.0" encoding="UTF-8"?><collection xmlns="http://www.loc.gov/MARC21/slim"><record><leader>00418nam--2200145-i-4500</leader><controlfield tag="001">000041869</controlfield><controlfield tag="002">20161230</controlfield><controlfield tag="005">20161230201043</controlfield><controlfield tag="008">060222s1000------------r-----000-0-eng-d</controlfield><datafield ind1=" " ind2=" " tag="080"><subfield code="a">548.55</subfield></datafield><datafield ind1=" " ind2=" " tag="100"><subfield code="a">Smakula,Alexander</subfield></datafield><datafield ind1=" " ind2=" " tag="245"><subfield code="a">Einkristalle. wachstum, herstellung und anwendung</subfield></datafield><datafield ind1=" " ind2=" " tag="260"><subfield code="a">Berlin, Springer-verlag, 1962. Viii + 431 P. + 240 Fig</subfield></datafield><datafield ind1=" " ind2=" " tag="490"><subfield code="a">Technische Ph.In Einzeldarstellungen</subfield></datafield><datafield ind1=" " ind2=" " tag="852"><subfield code="a">17846</subfield></datafield></record></collection>